@online{web-smashpp,
  title={Smash++},
  author={Hosseini, Morteza and Pratas, Diogo and Pinho, Armando J},
  url={https://github.com/smortezah/smashpp},
  date={\today}
}

@online{web-goose,
  title={GOOSE},
  author={Pratas, Diogo},
  url={https://github.com/pratas/goose},
  date={\today}
}

@article{blackman1959particular,
  title={Particular pairs of windows},
  author={Blackman, RB and Tukey, JW},
  journal={The measurement of power spectra, from the point of view of communications engineering},
  pages={95--101},
  year={1959},
  publisher={Dover New York}
}

@article{bartlett1950periodogram,
  title={Periodogram analysis and continuous spectra},
  author={Bartlett, Maurice S},
  journal={Biometrika},
  volume={37},
  number={1/2},
  pages={1--16},
  year={1950},
  publisher={JSTOR}
}

@book{tukey1949measuring,
  title={Measuring noise color},
  author={Tukey, John Wilder and Hamming, Robert Wesley},
  year={1949},
  publisher={Bell Telephone Laboratories}
}

@article{welch1967use,
  title={The use of fast {Fourier} transform for the estimation of power spectra: a method based on time averaging over short, modified periodograms},
  author={Welch, Peter},
  journal={IEEE Transactions on audio and electroacoustics},
  volume={15},
  number={2},
  pages={70--73},
  year={1967},
  publisher={IEEE}
}

@article{nuttall1981some,
  title={Some windows with very good sidelobe behavior},
  author={Nuttall, Albert},
  journal={IEEE Transactions on Acoustics, Speech, and Signal Processing},
  volume={29},
  number={1},
  pages={84--91},
  year={1981},
  publisher={IEEE}
}

@article{harris1978use,
  title={On the use of windows for harmonic analysis with the discrete {Fourier} transform},
  author={Harris, Fredric J},
  journal={Proceedings of the IEEE},
  volume={66},
  number={1},
  pages={51--83},
  year={1978},
  publisher={IEEE}
}

@book{oppenheim1999discrete,
  title={Discrete-Time Signal Processing},
  author={Oppenheim, Alan V. and Ronald W. Schafer and John R. Buck},
  pages={468--471},
  year={1999},
  publisher={Upper Saddle River, NJ: Prentice Hall}
}

@article{hosseini2019ac,
author="Hosseini, Morteza and Pratas, Diogo and Pinho, Armando J.",
title="{AC}: A Compression Tool for Amino Acid Sequences",
journal="Interdisciplinary Sciences: Computational Life Sciences",
year="2019",
volume="11",
number="1",
pages="68--76",
issn="1867-1462",
doi="10.1007/s12539-019-00322-1"
}

@inproceedings{pratas2017substitutional,
  title={Substitutional tolerant {Markov} models for relative compression of {DNA} sequences},
  author={Pratas, Diogo and Hosseini, Morteza and Pinho, Armando J},
  booktitle={International Conference on Practical Applications of Computational Biology \& Bioinformatics (PACBB)},
  pages={265--272},
  year={2017},
  organization={Springer}
}

@article{morris1978counting,
  author = {Morris, Robert},
  title = {Counting Large Numbers of Events in Small Registers},
  journal = {Commun. ACM},
  //issue_date = {Oct. 1978},
  volume = {21},
  number = {10},
  //month = oct,
  year = {1978},
  //issn = {0001-0782},
  pages = {840--842},
  //numpages = {3},
  //url = {http://doi.acm.org/10.1145/359619.359627},
  //doi = {10.1145/359619.359627},
  //acmid = {359627},
  publisher = {ACM},
  //address = {New York, NY, USA}
}

@inproceedings{pitel2015count,
  title={Count-min-log sketch: Approximately counting with approximate counters},
  author={Pitel, Guillaume and Fouquier, Geoffroy},
  booktitle={{International Symposium on Web AlGorithms}},
  year={Jun 2015},
  address = {Deauville, France}
}

@article{pratas2015alignment,
  title={An alignment-free method to find and visualise rearrangements between pairs of {DNA} sequences},
  author={Pratas, Diogo and Silva, Raquel M and Pinho, Armando J and Ferreira, Paulo JSG},
  journal={Scientific reports},
  volume={5},
  pages={10203},
  year={2015},
  publisher={Nature Publishing Group}
}

@article{hosseini2018cryfa,
  title={Cryfa: a secure encryption tool for genomic data},
  author={Hosseini, Morteza and Pratas, Diogo and Pinho, Armando J},
  journal={Bioinformatics},
  volume={35},
  number={1},
  pages={146--148},
  year={2018},
  publisher={Oxford University Press}
}

@article{turing1936on,
  title   = {On computable numbers, with an application to the {Entscheidungsproblem}},
  author  = {Turing, Alan},
  journal = {Proceedings of the London Mathematical Society},
  volume  = {42},
  number  = {2},
  pages   = {230--265},
  year    = {1936}
}

@book{li2009an,
  title   = {An introduction to {Kolmogorov} complexity and its applications},
  author  = {Li, M. and Vit{\'a}nyi, P.},
  edition = {3rd},
  year    = {2009},
  publisher = {Springer}
}

@article{zenil2015two,
title = {Two-dimensional {Kolmogorov} complexity and an empirical validation of the {Coding} theorem method by compressibility},
author = {Zenil, Hector and Soler-Toscano, Fernando and Delahaye, Jean-Paul and Gauvrit, Nicolas},
year = 2015,
month = sep,
volume = 1,
pages = {e23},
journal = {PeerJ Computer Science},
issn = {2376-5992},
doi = {10.7717/peerj-cs.23}
}

@article{antao2018kolmogorov,
  author={Ant{\~a}o, R{\'o}mulo and Mota, Alexandre and Machado, J. A. Tenreiro},
  title="Kolmogorov complexity as a data similarity metric: application in mitochondrial {DNA}",
  journal="Nonlinear Dynamics",
  year="2018",
  month="Aug",
  day="01",
  volume="93",
  number="3",
  pages="1059--1071",
  issn="1573-269X",
  doi="10.1007/s11071-018-4245-7"
}

@article{faloutsos2007on,
  author="Faloutsos, Christos and Megalooikonomou, Vasileios",
  title="On data mining, compression, and Kolmogorov complexity",
  journal="Data Mining and Knowledge Discovery",
  year="2007",
  month="Aug",
  day="01",
  volume="15",
  number="1",
  pages="3--20",
  issn="1573-756X",
  doi="10.1007/s10618-006-0057-3"
}

@incollection{hartmann2018genome,
  title={Genome Rearrangement Analysis: Cut and Join Genome Rearrangements and Gene Cluster Preserving Approaches},
  author={Hartmann, Tom and Middendorf, Martin and Bernt, Matthias},
  booktitle={Comparative Genomics},
  pages={261--289},
  year={2018},
  publisher={Springer}
}

@book{gardner2018gardner,
  title={{Gardner} and {Sutherland's} Chromosome Abnormalities and Genetic Counseling},
  author={Gardner, RJM and Gardner, RJ McKinlay and Amor, David J},
  number={70},
  year={2018},
  publisher={Oxford University Press}
}

@article{dufke2000microdeletion,
  title={Microdeletion 4p16.3 in three unrelated patients with {Wolf-Hirschhorn} syndrome},
  author={Dufke, A and Seidel, J and Sch{\"o}ning, M and D{\"o}bler-Neumann, M and Kelbova, C and Liehr, T and Beensen, V and Backsch, C and Klein-Vogler, U and Enders, H},
  journal={Cytogenetic and Genome Research},
  volume={91},
  number={1-4},
  pages={81--84},
  year={2000},
  publisher={Karger Publishers}
}

@article{timmerman1992peripheral,
  title={The peripheral myelin protein gene {PMP--22} is contained within the {Charcot--Marie--Tooth} disease type {1A} duplication},
  author={Timmerman, V and Nelis, E and Van Hul, W and Nieuwenhuijsen, BW and Chen, KL and Wang, S and Othman, K Ben and Cullen, B and Leach, Robin J and Hanemann, CO and others},
  journal={Nature genetics},
  volume={1},
  number={3},
  pages={171},
  year={1992},
  publisher={Nature Publishing Group}
}

@article{huang2006acute,
  title={Acute myeloid leukemia associated with variant t(8;21) detected by conventional cytogenetic and molecular studies: a report of four cases and review of the literature},
  author={Huang, Li and Abruzzo, Lynne V and Valbuena, Jose R and Medeiros, L Jeffrey and Lin, Pei},
  journal={American journal of clinical pathology},
  volume={125},
  number={2},
  pages={267--272},
  year={2006},
  publisher={Oxford University Press Oxford, UK}
}

@article{theisen2010disorders,
  title={Disorders caused by chromosome abnormalities},
  author={Theisen, Aaron and Shaffer, Lisa G},
  journal={The application of clinical genetics},
  volume={3},
  pages={159},
  year={2010},
  publisher={Dove Press}
}

@article{reuter2015high,
  title = "High-Throughput Sequencing Technologies",
  author = "Jason A. Reuter and Damek V. Spacek and Michael P. Snyder",
  journal = "Molecular Cell",
  volume = "58",
  number = "4",
  pages = "586--597",
  year = "2015"
}

@article{villamor2019high,
  author = {Villamor, D. E. V. and Ho, T. and Al Rwahnih, M. and Martin, R. R. and Tzanetakis, I. E.},
  title = {High Throughput Sequencing For Plant Virus Detection and Discovery},
  journal = {Phytopathology},
  volume = {109},
  number = {5},
  pages = {716--725},
  year = {2019},
}

@article{rego2019high,
  title={High Throughput Sequencing and Assessing Disease Risk},
  author={Rego, Shannon M and Snyder, Michael P},
  journal={Cold Spring Harbor perspectives in medicine},
  volume={9},
  number={1},
  pages={a026849},
  year={2019},
  publisher={Cold Spring Harbor Laboratory Press}
}













@Book{Anderberg83,
  author =   {Anderberg, M. R.},
  title =    {Cluster Analysis for Applications},
  publisher =    {New York: Academic Press},
  year =     {1983},
}

@Manual{R:2010,
  title = {R: A Language and Environment for Statistical Computing},
  author = {{R Development Core Team}},
  organization = {Vienna, Austria: R Foundation for Statistical Computing},
  address = {},
  year = {2012},
  note = {{ISBN} 3-900051-07-0, http://www.R-project.org},
  url = {http://www.R-project.org},
}

@Manual{R:2008,
  title = {R: A Language and Environment for Statistical Computing},
  author = {{R Development Core Team}},
  organization = {R Foundation for Statistical Computing},
  address = {Vienna, Austria},
  year = {2008},
  note = {{ISBN} 3-900051-07-0},
  url = {http://www.R-project.org},
}

@Article{Arabie80,
  author =   {Arabie, P. and Carroll, J. D.},
  title =    {MAPCLUS: A mathematical programming approach to fitting the ADCLUS models},
  journal =      {Psychometrika},
  year =     {1980 },
  volume =   {445},
  pages =    {211-35},
}


@book{Tufte:1990,
  Address = {Cheshire, Connecticut},
  Author = {E. R. Tufte},
  Publisher = {Graphics Press},
  Title = {{Envisioning Information}},
  Year = {1990}}


@book{Tufte:1983,
  Address = {Cheshire},
  Author = {E. R. Tufte},
  Publisher = {Graphics Press},
  Title = {{The Visual Display of Quantitative Information}},
  Year = {1983}}

@book{Cleveland:1994,
  Address = {Summit},
  Author = {W. S. Cleveland},
  Edition = {Revised},
  Publisher = {Hobart Press},
  Title = {{The Elements of Graphing Data}},
  Year = {1994}}

@book{Cleveland:1993,
  Address = {Summit},
  Author = {W. S. Cleveland},
  Publisher = {Hobart Press},
  Title = {{Vizualizing Data}},
  Year = {1993}}

@TECHREPORT{Ball65 ,
  AUTHOR =       {Ball, G. H. and Hall, D. J. },
  TITLE =        {A novel method of data analysis and pattern classification },
  INSTITUTION =  {Stanford Research Institute, California },
  YEAR =         {1965 },
}

@Article{Banfield93,
  author =   {Banfield, J. D. and Raftery, A. E.},
  title =    {Model-Based Gaussian and Non-Gaussian Clustering },
  journal =      {Biometrics },
  year =     {1993 },
  volume =   {49},
  pages =    {803--21},
}

@Article{Beale69,
  author =   {Beale, E. M. L.},
  title =    {Euclidean cluster analysis },
  journal =      {Bulletin of the International Statistical Institute },
  year =     {1969 },
  volume =   {43},
  pages =    {92-94},
}

@Article{Bensmail,
  author =   {Bensmail, H. },
  title =    {Model-based Clustering with Noise: Bayesian inference and estimation },
}

@Article{Bezdek74,
  author =   {Bezdek, J. C.},
  title =    {Numerical taxonomy with fuzzy sets},
  journal =      {Journal of Methematical Biology},
  year =     {1974},
  volume =   {1},
  pages =    {57-71},
}

@article{Cox:1972,
  Author = {D. R. Cox},
  Journal = {J. R. Statist. Soc. {\rm B}},
  Pages = {187--220},
  Title = {{Regression models and life tables (with Discussion)}},
  Volume = {34},
  Year = {1972}}

@article{Hear:Holm:Step:quan:2006,
Author = {Heard, Nicholas A. and Holmes, Christopher C. and Stephens, David A.},
Journal = {J. Am. Statist. Assoc.},
Keywords = {bayesian hierarchical clustering; gene expression profiles; Microarrays},
Pages = {18--29},
Title = {A Quantitative Study of Gene Regulation Involved in the Immune Response of {A}nopheline Mosquitoes: {A}n Application of {B}ayesian Hierarchical Clustering of Curves},
Volume = {101},
Year = {2006}}

@article{Fan:2004,
  Author = {Fan, J. and Peng, H.},
  Journal = {Ann. Statist.},
  Pages = {928--61},
  Title = {{Nonconcave penalized likelihood with a diverging number of parameters}},
  Volume = {32},
  Year = {2004}}