@online{web-smashpp,
  title={Smash++},
  author={Hosseini, Morteza and Pratas, Diogo and Pinho, Armando J},
  url={https://github.com/smortezah/smashpp},
  date={\today}
}

@online{web-goose,
  title={GOOSE},
  author={Pratas, Diogo},
  url={https://github.com/pratas/goose},
  date={\today}
}